<record><leader>01224cam a2200349 i 4500</leader><controlfield tag="001">6742835</controlfield><controlfield tag="003">OCoLC</controlfield><controlfield tag="005">20141117082553.0</controlfield><controlfield tag="008">140324t20152015nju      b    001 0 eng  </controlfield><datafield ind1=" " ind2=" " tag="010"><subfield code="a">  2014009849</subfield></datafield><datafield ind1=" " ind2=" " tag="020"><subfield code="a">9781412855020</subfield></datafield><datafield ind1=" " ind2=" " tag="020"><subfield code="a">1412855020</subfield></datafield><datafield ind1=" " ind2=" " tag="035"><subfield code="a">ocn881386444</subfield></datafield><datafield ind1=" " ind2=" " tag="040"><subfield code="a">DLC</subfield><subfield code="b">eng</subfield><subfield code="e">rda</subfield><subfield code="c">DLC</subfield><subfield code="d">YDX</subfield><subfield code="d">YDXCP</subfield><subfield code="d">OCLCF</subfield><subfield code="d">OCLCO</subfield><subfield code="d">UAB</subfield></datafield><datafield ind1=" " ind2=" " tag="042"><subfield code="a">pcc</subfield></datafield><datafield ind1="0" ind2="0" tag="050"><subfield code="a">HM585</subfield><subfield code="b">.L485 2015</subfield></datafield><datafield ind1="0" ind2="0" tag="082"><subfield code="a">301.01</subfield><subfield code="2">23</subfield></datafield><datafield ind1=" " ind2=" " tag="090"><subfield code="a">HM 585 L485 2015</subfield><subfield code="b">AEU</subfield></datafield><datafield ind1="1" ind2=" " tag="100"><subfield code="a">Levine, Donald Nathan,</subfield><subfield code="d">1931-</subfield><subfield code="e">author.</subfield></datafield><datafield ind1="1" ind2="0" tag="245"><subfield code="a">Social theory as a vocation :</subfield><subfield code="b">genres of theory work in sociology /</subfield><subfield code="c">Donald N. Levine.</subfield></datafield><datafield ind1=" " ind2="1" tag="264"><subfield code="a">New Brunswick, New Jersey :</subfield><subfield code="b">Transaction Publishers,</subfield><subfield code="c">[2015]</subfield></datafield><datafield ind1=" " ind2="4" tag="264"><subfield code="c">&#169;2015</subfield></datafield><datafield ind1=" " ind2=" " tag="300"><subfield code="a">xxix, 400 pages ;</subfield><subfield code="c">24 cm</subfield></datafield><datafield ind1=" " ind2=" " tag="336"><subfield code="a">text</subfield><subfield code="b">txt</subfield><subfield code="2">rdacontent</subfield></datafield><datafield ind1=" " ind2=" " tag="337"><subfield code="a">unmediated</subfield><subfield code="b">n</subfield><subfield code="2">rdamedia</subfield></datafield><datafield ind1=" " ind2=" " tag="338"><subfield code="a">volume</subfield><subfield code="b">nc</subfield><subfield code="2">rdacarrier</subfield></datafield><datafield ind1=" " ind2=" " tag="504"><subfield code="a">Includes bibliographical references (pages 373-393) and index.</subfield></datafield><datafield ind1=" " ind2=" " tag="596"><subfield code="a">16</subfield></datafield><datafield ind1=" " ind2="0" tag="650"><subfield code="a">Sociology</subfield><subfield code="x">Philosophy.</subfield></datafield><datafield ind1=" " ind2="0" tag="650"><subfield code="a">Sociology</subfield><subfield code="x">History.</subfield></datafield><datafield ind1=" " ind2=" " tag="949"><subfield code="a">HM 585 L485 2015</subfield><subfield code="c">1</subfield><subfield code="h">UAAU-B</subfield><subfield code="i">0162035193372</subfield></datafield><datafield ind1=" " ind2=" " tag="926"><subfield code="a">HM 585 L485 2015</subfield><subfield code="w">LC</subfield><subfield code="c">1</subfield><subfield code="i">0162026643302</subfield><subfield code="d">1/29/2015</subfield><subfield code="e">12/9/2014</subfield><subfield code="l">ON_SHELF</subfield><subfield code="m">UAAUG</subfield><subfield code="n">2</subfield><subfield code="p">$150.00</subfield><subfield code="r">Y</subfield><subfield code="s">Y</subfield><subfield code="t">BOOK</subfield><subfield code="u">11/26/2014</subfield></datafield></record>